<?xml version="1.0" encoding="UTF-8"?><collection><record><leader>03640ntm a2200433 a 4500</leader><controlfield tag="001">002594339</controlfield><controlfield tag="003">MiAaHDL</controlfield><controlfield tag="005">20190719000000.0</controlfield><controlfield tag="006">m        d        </controlfield><controlfield tag="007">cr bn ---auaua</controlfield><controlfield tag="008">930210q17001750xx            00||  ara d</controlfield><datafield tag="035" ind1=" " ind2=" "><subfield code="a">(MiU)002594339</subfield></datafield><datafield tag="035" ind1=" " ind2=" "><subfield code="a">sdr-miu002594339</subfield></datafield><datafield tag="035" ind1=" " ind2=" "><subfield code="a">(OCoLC)34365795</subfield></datafield><datafield tag="035" ind1=" " ind2=" "><subfield code="a">(RLIN)MIUH93-A7</subfield></datafield><datafield tag="040" ind1=" " ind2=" "><subfield code="a">MiU</subfield><subfield code="c">MiU</subfield><subfield code="e">appm</subfield><subfield code="d">MiU</subfield></datafield><datafield tag="100" ind1="1" ind2=" "><subfield code="6">880-01</subfield><subfield code="a">Khawānikī, Ramaḍān ibn Ṣāliḥ al-Safaṭī,</subfield><subfield code="d">d. 1745.</subfield></datafield><datafield tag="245" ind1="1" ind2="3"><subfield code="6">880-02</subfield><subfield code="a">al-Itḥāf ʻalá nubdhat al-isʻāf :</subfield><subfield code="b">fī maʻrifat qaws al-khilāf wa-huwa ḥall muqawwimāt al-ʻuqūd wa-basṭuhā lil-ajzā wa-basṭ ʻuqūd kull shayʾ ka-al-juyūb wa-al-ẓilal wa-al-maṭāliʻ wa-ghayrihā min al-aʻmāl al-falakīyah :</subfield><subfield code="k">manuscript,</subfield><subfield code="f">[1st half of 18th cent.?].</subfield></datafield><datafield tag="300" ind1=" " ind2=" "><subfield code="a">1</subfield><subfield code="f">v. ([12] p.) ;</subfield><subfield code="c">22 cm.</subfield></datafield><datafield tag="500" ind1=" " ind2=" "><subfield code="a">Watermark: Three crescents. See Edward Heawood, Watermarks, Mainly of the 17th and 18th Centuries (Hilversum, 1950), p. 24.</subfield></datafield><datafield tag="500" ind1=" " ind2=" "><subfield code="a">Contains astronomical tables.</subfield></datafield><datafield tag="500" ind1=" " ind2=" "><subfield code="a">Title and text rubricated; text and corrections in margins enclosed by thin red lines.</subfield></datafield><datafield tag="500" ind1=" " ind2=" "><subfield code="a">Possible date of early to mid-18th cent. based on death date of author.</subfield></datafield><datafield tag="510" ind1="4" ind2=" "><subfield code="a">King, Survey,</subfield><subfield code="c">p. 111; Heyworth-Dunne, Intro. to Hist. of Ed. in Mod. Eg., p. 79.</subfield></datafield><datafield tag="520" ind1=" " ind2=" "><subfield code="a">al-Khawānikī's commentary on Shams al-Dīn Muḥammad ibn Abī al-Fatḥ al-Ṣūfī al-Miṣrī's Nubdhat al-isʻāf fī maʻrifat qaws al-khilāf, "a short treatise on a technique used in the compilation of ephemerides." David A. King, A Survey of the Scientific Manuscripts in the Egyptian National Library (Winona Lake, 1986), p. 83.</subfield></datafield><datafield tag="538" ind1=" " ind2=" "><subfield code="a">Mode of access: Internet.</subfield></datafield><datafield tag="541" ind1=" " ind2=" "><subfield code="d">06/10/34</subfield><subfield code="3">Manuscript</subfield><subfield code="a">History of Science, Meyerhof 29211</subfield><subfield code="c">Purchase, 1933/34</subfield><subfield code="h">30 p.t.</subfield></datafield><datafield tag="545" ind1=" " ind2=" "><subfield code="a">Important 18th-century Egyptian astronomer; pupil of Egyptian astronomers Riḍwān Afandī al-Falakī (d. 1710) and Muḥammad al-Birshamsī; close friend of Ḥasan al-Jabartī; his writings very popular in 18th-19th centuries. See J. Heyworth-Dunne, An Introduction to the History of Education in Modern Egypt (London, 1938), p. 79.</subfield></datafield><datafield tag="561" ind1=" " ind2=" "><subfield code="a">Purchased in Cairo, 1933/34. Owners' marks: on p. [1], owner's autograph, with seal: tamallakahu al-faqīr ilá Allāh ... Ḥasan al-Jabartī; on p. [12], unidentified seal; inside cover, manuscript notes in unidentified handwriting: From Dr. Meyerhof, May 1934.</subfield></datafield><datafield tag="600" ind1="1" ind2="4"><subfield code="6">880-03</subfield><subfield code="a">Ibn Abī al-Fatḥ al-Ṣūfī, Shams al-Dīn Muḥammad al-Miṣrī,</subfield><subfield code="d">fl. ca. 1536.</subfield><subfield code="t">Nubdhat al-isʻāf fī maʻrifat qaws al-khilāf.</subfield></datafield><datafield tag="650" ind1=" " ind2="0"><subfield code="a">Ephemerides</subfield><subfield code="y">Early works to 1800.</subfield></datafield><datafield tag="650" ind1=" " ind2="0"><subfield code="a">Astronomy, Arab</subfield><subfield code="y">Early works to 1800.</subfield></datafield><datafield tag="650" ind1=" " ind2="0"><subfield code="a">Manuscripts, Arabic</subfield><subfield code="z">Michigan</subfield><subfield code="z">Ann Arbor.</subfield></datafield><datafield tag="700" ind1="1" ind2="1"><subfield code="6">880-04</subfield><subfield code="a">Jabartī, Ḥasan,</subfield><subfield code="d">d. 1774,</subfield><subfield code="e">former owner.</subfield></datafield><datafield tag="700" ind1="1" ind2=" "><subfield code="a">Meyerhof, Max,</subfield><subfield code="d">1874-1945,</subfield><subfield code="e">former owner.</subfield></datafield><datafield tag="773" ind1="0" ind2=" "><subfield code="7">unbc</subfield><subfield code="a">Tracy W. McGregor Collection of Arabic, Persian, and Turkish Mathematical and Astronomical Manuscripts.</subfield><subfield code="w">(CStRLIN)MIUH92-A20.</subfield></datafield><datafield tag="880" ind1="0" ind2="1"><subfield code="6">700-04/</subfield><subfield code="a">حسن الجبرتي.</subfield></datafield><datafield tag="880" ind1="0" ind2="4"><subfield code="6">600-03/</subfield><subfield code="a">شمس الدين محمد المصري بن أبي الفتح الصوفي.</subfield><subfield code="t">نبذة الاسعاف في معرفة قوس الخلاف.</subfield></datafield><datafield tag="880" ind1="1" ind2="2"><subfield code="6">245-02/</subfield><subfield code="a">الاتحاف على نبذة الاسعاف :</subfield><subfield code="b">في معرفة قوس الخلاف وهو حل مقومات العقود وبسطها للأجزا وبسط عقود كل شيء كالجيوب والظلل والمطالع وغيرها من الأعمال الفلكية :</subfield><subfield code="k">manuscript،</subfield><subfield code="f">[1st half of 18th cent.?].</subfield></datafield><datafield tag="880" ind1="0" ind2=" "><subfield code="6">100-01/</subfield><subfield code="a">رمضان بن صالح السفطي الخوانكي.</subfield></datafield><datafield tag="CID" ind1=" " ind2=" "><subfield code="a">002594339</subfield></datafield><datafield tag="DAT" ind1="0" ind2=" "><subfield code="a">20190719102632.0</subfield><subfield code="b">20190719000000.0</subfield></datafield><datafield tag="DAT" ind1="1" ind2=" "><subfield code="a">20190719090653.0</subfield><subfield code="b">2019-07-19T16:10:35Z</subfield></datafield><datafield tag="DAT" ind1="2" ind2=" "><subfield code="a">2015-10-10T18:00:06Z</subfield></datafield><datafield tag="CAT" ind1=" " ind2=" "><subfield code="a">SDR-MIU</subfield><subfield code="d">EX LIBRIS - ALEPH</subfield><subfield code="l">prepare.pl-004-008</subfield></datafield><datafield tag="FMT" ind1=" " ind2=" "><subfield code="a">BK</subfield></datafield><datafield tag="HOL" ind1=" " ind2=" "><subfield code="0">sdr-miu002594339</subfield><subfield code="a">MiU</subfield><subfield code="b">SDR</subfield><subfield code="c">MIU</subfield><subfield code="p">mdp.39015081447198</subfield><subfield code="s">MIU</subfield><subfield code="1">002594339</subfield></datafield><datafield tag="974" ind1=" " ind2=" "><subfield code="b">MIU</subfield><subfield code="c">MIU</subfield><subfield code="d">20190719</subfield><subfield code="s">lit-dlps-dc</subfield><subfield code="u">mdp.39015081447198</subfield><subfield code="y">1750</subfield><subfield code="r">pd</subfield><subfield code="q">bib</subfield><subfield code="t">non-US bib date2 &lt; 1896</subfield></datafield></record></collection>